@article{bhalla1999visual,
  title={Visual--motor recalibration in geographical slant perception.},
  author={Bhalla, Mukul and Proffitt, Dennis R},
  journal={Journal of experimental psychology: Human perception and performance},
  volume={25},
  number={4},
  pages={1076},
  year={1999},
  publisher={American Psychological Association},
  memo = {ベクション元祖？}
}

@article{matsumiya2021awareness,
  title={Awareness of voluntary action, rather than body ownership, improves motor control},
  author={Matsumiya, Kazumichi},
  journal={Scientific reports},
  volume={11},
  number={1},
  pages={1--14},
  year={2021},
  publisher={Nature Publishing Group}
}

@inproceedings{prattichizzo2014sixth,
  title={The sixth-finger: a modular extra-finger to enhance human hand capabilities},
  author={Prattichizzo, Domenico and Malvezzi, Monica and Hussain, Irfan and Salvietti, Gionata},
  booktitle={The 23rd IEEE International Symposium on Robot and Human Interactive Communication},
  pages={993--998},
  year={2014},
  organization={IEEE}
}

@article{ehrsson2007experimental,
  title={The experimental induction of out-of-body experiences},
  author={Ehrsson, H Henrik},
  journal={Science},
  volume={317},
  number={5841},
  pages={1048--1048},
  year={2007},
  publisher={American Association for the Advancement of Science}
}

@article{petkova2008if,
  title={If I were you: perceptual illusion of body swapping},
  author={Petkova, Valeria I and Ehrsson, H Henrik},
  journal={PloS one},
  volume={3},
  number={12},
  pages={e3832},
  year={2008},
  publisher={Public Library of Science San Francisco, USA}
}

@article{slater2008towards,
  title={Towards a digital body: the virtual arm illusion},
  author={Slater, Mel and P{\'e}rez Marcos, Daniel and Ehrsson, Henrik and Sanchez-Vives, Maria V},
  journal={Frontiers in human neuroscience},
  volume={2},
  pages={6},
  year={2008},
  publisher={Frontiers}
}

@article{本間元康2010ラバーハンドイリュージョン,
  title={ラバーハンドイリュージョン: その現象と広がり},
  author={本間元康},
  journal={認知科学},
  volume={17},
  number={4},
  pages={761--770},
  year={2010},
  publisher={日本認知科学会}
}

@article{ehrsson2004s,
  title={That's my hand! Activity in premotor cortex reflects feeling of ownership of a limb},
  author={Ehrsson, H Henrik and Spence, Charles and Passingham, Richard E},
  journal={Science},
  volume={305},
  number={5685},
  pages={875--877},
  year={2004},
  publisher={American Association for the Advancement of Science}
}

@article{shimada2009rubber,
  title={Rubber hand illusion under delayed visual feedback},
  author={Shimada, Sotaro and Fukuda, Kensuke and Hiraki, Kazuo},
  journal={PloS one},
  volume={4},
  number={7},
  pages={e6185},
  year={2009},
  publisher={Public Library of Science San Francisco, USA}
}

@article{armel2003projecting,
  title={Projecting sensations to external objects: evidence from skin conductance response},
  author={Armel, K Carrie and Ramachandran, Vilayanur S},
  journal={Proceedings of the Royal Society of London. Series B: Biological Sciences},
  volume={270},
  number={1523},
  pages={1499--1506},
  year={2003},
  publisher={The Royal Society}
}

@article{gallagher2000,
    title = {Philosophical conceptions of the self : implications for cognitive science},
    author = {S.Gallagher},
    journal = {Trernds in Cognitive Sciences},
    volume = {4},
    number = {1},
    pages = {14-21},
    month = {Jan},
    year = {2000}
}

@book{感覚・知覚・認知の基礎,
    title = {感覚・知覚・認知の基礎},
    journal = {電子情報通信学会},
    author = {乾 敏郎},
    year = {2012},
    publisher = {オーム社}
}

@incollection{tachi2015telexistence,
  title={Telexistence},
  author={Tachi, Susumu},
  booktitle={Virtual Realities},
  pages={229--259},
  year={2015},
  publisher={Springer}
}

@incollection{sasaki2017metalimbs,
  title={MetaLimbs: multiple arms interaction metamorphism},
  author={Sasaki, Tomoya and Saraiji, MHD Yamen and Fernando, Charith Lasantha and Minamizawa, Kouta and Inami, Masahiko},
  booktitle={ACM SIGGRAPH 2017 Emerging Technologies},
  pages={1--2},
  year={2017}
}

@inproceedings{iwasaki2017research,
  title={Research on the Third Arm: proposal of a face vector interface for voluntary and intuitive control of a wearable robot arm},
  author={Iwasaki, Y and Iwata, H},
  booktitle={IEEE/RSJ Int. Conf. Intell. Robot. Syst},
  year={2017}
}

@inproceedings{岩垂真哉2016余剰筋力を用いた第三の腕ロボットの操縦,
  title={余剰筋力を用いた第三の腕ロボットの操縦},
  author={岩垂真哉 and 水内郁夫},
  booktitle={ロボティクス・メカトロニクス講演会講演概要集 2016},
  pages={1A2--12a3},
  year={2016},
  organization={一般社団法人 日本機械学会}
}

@mastersthesis{iwadare2017thirdarm,
    author={岩垂真哉},
    title={余剰筋力を用いた第三の腕ロボットの操縦},
    school={東京農工大学},
    year={2017}
}

@article{iriki1996coding,
  title={Coding of modified body schema during tool use by macaque postcentral neurones.},
  author={Iriki, Atsushi and Tanaka, Michio and Iwamura, Yoshiaki},
  journal={Neuroreport},
  volume={7},
  number={14},
  pages={2325--2330},
  year={1996}
}

@article{渡辺貴文2005仮想道具による身体像拡張の評価手法に関する研究,
  title={仮想道具による身体像拡張の評価手法に関する研究},
  author={渡辺貴文 and 片山智文 and 上杉繁 and 三輪敬之},
  journal={信学技報},
  volume={105},
  number={74},
  pages={47--50},
  year={2005},
  memo = {
        1.(何) 仮想道具の身体像拡張度合について調査する評価手法を提案し実験を行った．
        2.(違い) 従来は仮想道具を用いた作業の正確性や効率性についてのみ着目していたが，この研究では身体像の拡張という視点からその評価や手法について提案している．
        3.(キモ) 非侵襲的な身体像拡張の評価を用いて，侵襲型での身体像拡張の評価と同じくらいの（同様？）の評価が出来た？．定量的な評価
        4.(検証方法) Maraivitaが提案しているcross modal interferenceという実験手法を用いた（参考にした？）．→道具の利用による視触覚統合への影響に着目した手法
        5.(議論) 身体像拡張をより強く行うための映像表現手法・評価手法． 
        6.(次) 身体像について，著者の前の論文，cross modal interferenceについて
    }
}

@article{miller2018sensing,
  title={Sensing with tools extends somatosensory processing beyond the body},
  author={Miller, Luke E and Montroni, Luca and Koun, Eric and Salemme, Romeo and Hayward, Vincent and Farn{\`e}, Alessandro},
  journal={Nature},
  volume={561},
  number={7722},
  pages={239--242},
  year={2018},
  publisher={Nature Publishing Group}
}

@book{池谷裕二2007進化しすぎた脳,
  title={進化しすぎた脳: 中高生と語る 「大脳生理学」 の最前線},
  author={池谷裕二},
  year={2007},
  publisher={K{\=o}dansha}
}

@book{nishida-bodyimage,
    title = {西田幾多郎哲学講演集―歴史的身体と現実の世界},
    author = {西田幾多郎},
    year = {1994},
    publisher = {燈影舎}
}

@article{head1911sensory,
  title={Sensory disturbances from cerebral lesions},
  author={Head, Henry and Holmes, Gordon},
  journal={Brain},
  volume={34},
  number={2-3},
  pages={102--254},
  year={1911},
  publisher={Oxford University Press}
}

@book{Ramachandran,
    title = {脳の中の幽霊 Phantoms in the brain},
    author = {V・S・ラマチャンドラン and サンドラ・ブレイクスリー},
    year = {2011},
    publisher = {角川文庫}
}

@article{lickert1932method,
  title={The method of constructing an attitude scale, in (Ed) Fishbein, M},
  author={Lickert, R},
  journal={Readings in attitude theory and measurement},
  year={1932},
  memo = {リッカート尺度のやつ}
}

@misc{bird-flying,
    author = {Canon Inc.},
    title = {Canon Bird Branch Project 生物多様性の取り組み},
    howpublished = {\url{https://global.canon/ja/environment/bird-branch/index.html}},
    month = {},
    year = {},
    note = {(Accessed on 01/23/2022)}
}

@article{10011340169,
    author="FECHNER, G.",
    title="",
    journal="Element of psychophysics",
    ISSN="",
    publisher="Rinehart and Winston",
    year="1860",
    month="",
    volume="",
    number="",
    pages="",
    DOI=""
}

@misc{Omron-HV-F127,
  author = {Omron},
  title = {低周波治療器 HV-F127 エレパルス｜オムロン ヘルスケア},
  howpublished = {\url{https://www.healthcare.omron.co.jp/product/hvf/hv-f127.html}},
  month = {},
  year = {},
  note = {(Accessed on 01/22/2022)}
}

@article{penfield1950cerebral,
  title={The cerebral cortex of man; a clinical study of localization of function.},
  author={Penfield, Wilder and Rasmussen, Theodore},
  year={1950},
  publisher={Macmillan},
  memo = {ペンフィールドのホムンクルスのやつ}
}

@article{gibson1962observations,
  title={Observations on active touch.},
  author={Gibson, James J},
  journal={Psychological review},
  volume={69},
  number={6},
  pages={477},
  year={1962},
  publisher={American Psychological Association}
}

@article{丸本耕次1997触覚表示の認知特性に関する研究,
  title={触覚表示の認知特性に関する研究},
  author={丸本耕次 and 岡田明},
  journal={人間工学},
  volume={33},
  number={Supplement},
  pages={384--385},
  year={1997},
  publisher={Japan Ergonomics Society}
}

@inproceedings{杉輝夫2005身体部位による触知覚の差,
  title={身体部位による触知覚の差},
  author={杉輝夫 and 伊東元},
  booktitle={理学療法学 Supplement Vol. 32 Suppl. No. 2 (第 40 回日本理学療法学術大会 抄録集)},
  pages={A1042--A1042},
  year={2005},
  organization={公益社団法人 日本理学療法士協会}
}

@book{からだと病気のしくみ図鑑,
  title={からだと病気のしくみ: 生命のかたち・色・メカニズム},
  author={川上正舒 and 野田泰子 and 矢田俊彦},
  year={2012},
  publisher={株式会社 法研}
}

@article{thistle1967isokinetic,
  title={Isokinetic contraction: a new concept of resistive exercise.},
  author={Thistle, Howard G and Hislop, Helen J and Moffroid, Mary and Lowman, EW},
  journal={Archives of Physical Medicine and Rehabilitation},
  volume={48},
  number={6},
  pages={279--282},
  year={1967}
}

@article{白石恵1992筋電位多点計測による体幹背部の神経支配帯の分布,
  title={筋電位多点計測による体幹背部の神経支配帯の分布},
  author={白石恵 and 岡田守彦 and 増田正 and 佐渡山亜兵},
  journal={バイオメカニズム},
  volume={11},
  pages={193--203},
  year={1992},
  publisher={バイオメカニズム学会}
}

@misc{OculusQuest,
  author = {Meta Platforms},
  title = {Meta Quest},
  howpublished = {\url{https://www.oculus.com/?locale=ja_JP}},
  month = {},
  year = {},
  note = {(Accessed on 01/20/2022)}
}

@misc{Omron-HV-F122,
  author = {Omron},
  title = {低周波治療器 HV-F122 | オムロン ヘルスケアストア},
  howpublished = {\url{https://store.healthcare.omron.co.jp/item/HV_F122.html}},
  month = {},
  year = {},
  note = {(Accessed on 01/20/2022)}
}


@misc{thalmiclabs,
  author = {Thalmic Labs},
  title = {Thalmic Labs Myo},
  howpublished = {\url{https://developerblog.myo.com/author/thalmic-labs/}},
  month = {},
  year = {2022},
  note = {(Accessed on 01/20/2022)}
}

@misc{advancertechnologies,
  author = {Advancer Technologies},
  title = {MyoWare Muscle Sensor Datasheet},
  howpublished = {\url{http://cdn.sparkfun.com/datasheets/Sensors/Biometric/MyowareUserManualAT-04-001.pdf}},
  month = {},
  year = {2015},
  note = {(Accessed on 01/20/2022)}
}

@inproceedings{shim2020fs,
  title={FS-Pad: Video Game Interactions Using Force Feedback Gamepad},
  author={Shim, Youngbo Aram and Park, Keunwoo and Lee, Sangyoon and Son, Jeongmin and Woo, Taeyun and Lee, Geehyuk},
  booktitle={Proceedings of the 33rd Annual ACM Symposium on User Interface Software and Technology},
  pages={938--950},
  year={2020}
}

@misc{htc-vive,
  author = {HTC},
  title = {VIVE Japan},
  howpublished = {\url{https://www.vive.com/jp/}},
  month = {},
  year = {},
  note = {(Accessed on 01/19/2022)}
}

@misc{alts-myography,
    author = {},
    title = {表面筋電位(EMG)とは | 技術紹介 | (株)ALTs},
    howpublished = {\url{https://alts-device.com/technology/myoelectric-emg/}},
    month = {},
    year = {},
    note = {(Accessed on 01/19/2022)}
}

@misc{gravityindustries,
      author = {Gravity Industries},
      title = {Gravity Industries: Flight Club},
      note = {\url{https://gravity.co/}},
      year = {最終閲覧日2022-01-09}
  }

@article{奥川夏輝2017VR空間における視覚刺激によって発生する落下感覚の分析,
    title={{VR}空間における視覚刺激によって発生する落下感覚の分析},
    author={奥川夏輝 and 古賀宥 and 石津航大 and 橋口哲志 and 柴田史久 and 奥村朝子},
    journal={第22回日本バーチャルリアリティ学会大会論文集},
    pages={673-676},
    year={2017}
}
 
@article{鈴木拓馬2014hmd,
  title={HMD および身体幇助メカニズムを用いた VR 環境における浮遊感体験装置の提案},
  author={鈴木拓馬 and 矢野裕季 and 安藤英由樹 and 清川清 and others},
  journal={エンタテインメントコンピューティングシンポジウム 2014 論文集},
  volume={2014},
  pages={55--57},
  year={2014}
}
 
@article{rognon2018flyjacket,
  title={Flyjacket: An upper body soft exoskeleton for immersive drone control},
  author={Rognon, Carine and Mintchev, Stefano and Dell'Agnola, Fabio and Cherpillod, Alexandre and Atienza, David and Floreano, Dario},
  journal={IEEE Robotics and Automation Letters},
  volume={3},
  number={3},
  pages={2362--2369},
  year={2018},
  publisher={IEEE}
}
 
@incollection{rheiner2014birdly,
  title={Birdly an attempt to fly},
  author={Rheiner, Max},
  booktitle={ACM SIGGRAPH 2014 Emerging Technologies},
  pages={1--1},
  year={2014}
}
 
@misc{hypersuit,
  author={Guandalini R. and G. Agate},
  title={Hypersuit},
  month={Jul},
  year={2017},
  howpublished={\url{https://www.fitness-gaming.com/profiles/company/hypersuit.html}}
}
 
@article{岡嶋克典20182,
  title={2. 視覚情報によって誘発されるクロスモーダル効果},
  author={岡嶋克典},
  journal={映像情報メディア学会誌},
  volume={72},
  number={1},
  pages={8--11},
  year={2018},
  publisher={一般社団法人 映像情報メディア学会}
}
 
@article{妹尾武治2014ベクションとその周辺の近年の動向,
  title={ベクションとその周辺の近年の動向},
  author={妹尾武治},
  journal={認知科学},
  volume={21},
  number={4},
  pages={523--530},
  year={2014},
  publisher={日本認知科学会}
}
 
 
 
@article{小川奈美2016えくす手,
  title={えくす手: 変調バーチャルハンドへの即応的な身体所有感の生起による身体拡張システム},
  author={小川奈美 and 伴祐樹 and 櫻井翔 and 鳴海拓志 and 谷川智弘 and 廣瀬通孝},
  journal={情報処理学会 インタラクション},
  year={2016}
}
 
@article{botvinick1998rubber,
  title={Rubber hands ‘feel’touch that eyes see},
  author={Botvinick, Matthew and Cohen, Jonathan},
  journal={Nature},
  volume={391},
  number={6669},
  pages={756--756},
  year={1998},
  publisher={Nature Publishing Group}
}
 
@article{小川剛史2017電気的筋肉刺激が重量知覚に及ぼす影響の分析,
  title={電気的筋肉刺激が重量知覚に及ぼす影響の分析},
  author={小川剛史 and 中張遼太郎 and 新島有信},
  journal={日本バーチャルリアリティ学会論文誌},
  volume={22},
  number={1},
  pages={3--10},
  year={2017},
  publisher={特定非営利活動法人 日本バーチャルリアリティ学会}
}
 
@article{青山一真2014前庭電気刺激における逆方向不感電流を用いた加速度感覚の増強,
  title={前庭電気刺激における逆方向不感電流を用いた加速度感覚の増強 ( 特集 サービス現場・日常生活に浸透する {VR/AR})},
  author={青山一真 and 安藤英由樹 and 飯塚博幸 and 前田太郎},
  journal={日本バーチャルリアリティ学会論文誌},
  volume={19},
  number={3},
  pages={315--318},
  year={2014},
  publisher={特定非営利活動法人 日本バーチャルリアリティ学会}
}
 
@incollection{maeda2005shaking,
  title={Shaking the world: galvanic vestibular stimulation as a novel sensation interface},
  author={Maeda, Taro and Ando, Hideyuki and Amemiya, Tomohiro and Nagaya, Naohisa and Sugimoto, Maki and Inami, Masahiko},
  booktitle={ACM SIGGRAPH 2005 Emerging technologies},
  pages={17--es},
  year={2005}
}
 
%%----------------------------------------------------------
 
@phdthesis{Ikuo:doctor,
	author = "水内 郁夫",
	title = "柔軟性可変な脊椎構造を有する多自由度全身行動ロボットシステム",
	school = "東京大学",
	year = 2001
}
 
@InProceedings{Kawamura:hogege2010,
	author = 	 {川村 マサキ},
	title = 	 {ほげの可能性と適用限界に関する実験的研究},
	booktitle =	 {日本ほげ学会ほげ工学部門講演会},
	pages =	 {324--366},
	year =	 2010
}
 
@Book{Hondo:hohoge2006,
	author =	 {本堂 貴敏},
	title = 	 {ほげの力学},
	publisher = 	 {ほげ出版},
	pages =	 {11--43},
	year = 	 2006
}
 
 
@Book{hooogeBook,
	editor =	 {日本ほげ医学会},
	title = 	 {本当は怖いほげの医学},
	publisher = 	 {捕鯨出版},
	year = 	 2011
}
 
 
@Article{Hondo:JRSJ2011,
	author = 	 {本堂 貴敏 and 水内 郁夫},
	title = 	 {ばねの研究},
	journal = 	 {日本ばね学会誌},
	year = 	 2011,
	key =		 {spring},
	volume =	 72,
	number =	 3,
	pages =	 {350--355}
}
 
@inproceedings{Kanehiro2000:RSJ,
	author = {金広 文男 and 水内 郁夫 and 稲葉 雅幸 and 井上 博允},
	booktitle = {日本ロボット学会学術講演会概要集},
	mendeley-groups = {bthesis,robomech2014,JRM},
	pages = {1237--1238},
	title = {プラグインアーキテクチャに基づく発展的ソフトウェア環境の実装},
	year = {2000}
}
 
@Article{ROS,
	author = {Morgan Quigley and Brian Gerkey and Ken Conley and Josh Faust and Tully Foote and Jermy Leibs and Eric Berger and Rob Wheeler and Andrew Ng},
	title = "{ROS}: an open-source Robot Operationg System",
	school = {Computer SCience Department, Stanford University, Stanford, CA and Willow Garage, Menlo Park, CA and Computer Science Department, University of Southern California},
	year = 2009
}
 
@inproceedings{OpenEL,
	author = {中村 憲一},
	title = {日本発の国際標準を狙う次世代のロボット開発プラットフォーム(オープンソースソフト/ハードとサービスを繋ぐクラウドネットワークロボティクス)},
	school = {一般社団法人組込みシステム技術協会},
	year = 2011,
	booktitle = {電子情報通信学会技術研究報告},
	mendeley-groups = {一般社団法人電子情報通信学会},
	pages = {11--14}
}
 
@inproceedings{Mizuuchi:RSJ2015-baneoid,
	author = {水内 郁夫 and 本堂 貴敏 and 伊藤 達也 and Tom\'{a}\v{s} Koz\'ak and 朝岡 忠 and 恒岡 佑哉 and 尾形 将平 and 山本 奈都美},
	title = "全身に直列弾性要素を組み込んだヒューマノイド {Baneoid}",
	school = {RSJ2015AC3I1-01},
	year = 2015,
	booktitle = {第33回日本ロボット学会学術講演会講演論文集}
}
 
@Misc{sentei1,
  title        = "{整枝剪定の基本 （落葉果樹）: 事業案内ーJA岡山西}",
  howpublished = "\url{http://www.jaokanishi.jp/jigyou/einou/14/01_2/}，最終アクセス日 2019/2/6"
}